<?xml version="1.0" encoding="UTF-8"?><record xmlns="http://www.loc.gov/MARC21/slim" xmlns:cinclude="http://apache.org/cocoon/include/1.0" xmlns:zs="http://www.loc.gov/zing/srw/">
  <leader>00534cz  a2200145n  4500</leader>
  <controlfield tag="001">n  91067451 </controlfield>
  <controlfield tag="003">DLC</controlfield>
  <controlfield tag="005">20091007075034.0</controlfield>
  <controlfield tag="008">910709n| acannaabn          |n aaa      </controlfield>
  <datafield tag="010" ind1=" " ind2=" ">
    <subfield code="a">n  91067451 </subfield>
  </datafield>
  <datafield tag="035" ind1=" " ind2=" ">
    <subfield code="a">(OCoLC)oca02979179</subfield>
  </datafield>
  <datafield tag="040" ind1=" " ind2=" ">
    <subfield code="a">DLC</subfield>
    <subfield code="b">eng</subfield>
    <subfield code="c">DLC</subfield>
    <subfield code="d">DNLM</subfield>
  </datafield>
  <datafield tag="100" ind1="1" ind2=" ">
    <subfield code="a">Avard, Denise</subfield>
  </datafield>
  <datafield tag="670" ind1=" " ind2=" ">
    <subfield code="a">nuc91-8327: Her The health of Canada's children, 1989</subfield>
    <subfield code="b">(hdg. on CaBVaU rept.: Avard, Denise; usage: Denise Avard)</subfield>
  </datafield>
  <datafield tag="670" ind1=" " ind2=" ">
    <subfield code="a">Paediatric research in Canada, c2009:</subfield>
    <subfield code="b">t.p. (Denise Avard, Ph.D) Can CIP on t.p. verso (hdg.: Avard, Denise)</subfield>
  </datafield>
</record>